@article{bowyer,
    author = {Bowyer, A.},
    comment = {Also see Watson - Computing the n-dimensional Delaunay tessellation with application to Voronoi polytopes.},
    day = {01},
    doi = {10.1093/comjnl/24.2.162},
    issn = {1460-2067},
    journal = {The Computer Journal},
    keywords = {algorithm, tessallation},
    month = jan,
    number = {2},
    pages = {162--166},
    posted-at = {2010-02-17 14:50:45},
    priority = {2},
    publisher = {Oxford University Press},
    title = {{Computing Dirichlet tessellations}},
    url = {http://dx.doi.org/10.1093/comjnl/24.2.162},
    volume = {24},
    year = {1981}
},
@article{watson,
    author = {Watson, D. F.},
    day = {01},
    doi = {10.1093/comjnl/24.2.167},
    issn = {1460-2067},
    journal = {The Computer Journal},
    keywords = {delaunay, dirichlet, voronoi},
    month = jan,
    number = {2},
    pages = {167--172},
    posted-at = {2008-11-03 16:55:55},
    priority = {2},
    publisher = {Oxford University Press},
    title = {{Computing the n-dimensional Delaunay tessellation with application to Voronoi polytopes}},
    url = {http://dx.doi.org/10.1093/comjnl/24.2.167},
    volume = {24},
    year = {1981}
},
@article{lawson,
    address = {New York},
    author = {Lawson, C. L.},
    citeulike-article-id = {6367083},
    editor = {Rice, J. R.},
    keywords = {mathematics, visualization},
    pages = {161--194},
    posted-at = {2009-12-11 22:52:09},
    priority = {0},
    publisher = {Academic Press},
    title = {{Mathematical Software III; Software for C1 surface interpolation}},
    year = {1977}
},
@article{joe,
 	author = {Joe, Barry},
 	title = {Construction of Three-dimensional Delaunay Triangulations Using Local Transformations},
 	journal = {Comput. Aided Geom. Des.},
 	issue_date = {May 1991},
 	volume = {8},
 	number = {2},
 	month = may,
 	year = {1991},
 	issn = {0167-8396},
 	pages = {123--142},
 	numpages = {20},
 	url = {http://dx.doi.org/10.1016/0167-8396(91)90038-D},
 	doi = {10.1016/0167-8396(91)90038-D},
 	acmid = {116116},
 	publisher = {Elsevier Science Publishers B. V.},
 	address = {Amsterdam, The Netherlands, The Netherlands},
 	keywords = {3-D triangulation, Delaunay triangulation, Voronoi tessellation, computational geometry, mesh generation}
},
@article{dafield,
	author = {Field, David A.},
	title = {Laplacian smoothing and Delaunay 		triangulations},
	journal = {Communications in Applied Numerical Methods},
	volume = {4},
	number = {6},
	publisher = {John Wiley & Sons, Ltd},
	issn = {1555-2047},
	url = {http://dx.doi.org/10.1002/cnm.1630040603},
	doi = {10.1002/cnm.1630040603},
	pages = {709--712},
	year = {1988}
},
@article{freitag,
    author = {Lori A. Freitag},
    title = {On Combining Laplacian And Optimization-Based Mesh Smoothing Techniques},
    booktitle = {TRENDS IN UNSTRUCTURED MESH GENERATION},
    year = {1997},
    pages = {37--43},
    publisher = {}
},
@article{zhou&shimada,
    author = {Tian Zhou and Kenji Shimada},
    title = {An angle-based approach to two-dimensional mesh smoothing},
    booktitle = {In Proceedings, 9th International Meshing Roundtable},
    year = {2000},
    pages = {373--384}
},
@article{xu&newman,
 	author = {Xu, Hongtao and Newman, Timothy S.},
 	title = {2D FE Quad Mesh Smoothing via Angle-based Optimization},
 	booktitle = {Proceedings of the 5th International Conference on Computational Science - Volume Part I},
 	series = {ICCS'05},
 	year = {2005},
 	isbn = {3-540-26032-3, 978-3-540-26032-5},
 	location = {Atlanta, GA},
 	pages = {9--16},
 	numpages = {8},
 	url = {https://doi.org/10.1007/11428831_2},
 	doi = {10.1007/11428831_2},
 	acmid = {2152729},
 	publisher = {Springer-Verlag},
 	address = {Berlin, Heidelberg}
},
@article{cvt,
  	title={Convergence of the Lloyd Algorithm for Computing Centroidal Voronoi Tessellations},
  	author={Qiang Du and Maria Emelianenko and Lili Ju},
  	journal={SIAM J. Numerical Analysis},
  	year={2006},
  	volume={44},
  	pages={102-119}
},
@article{lloyd,
 	author = {Lloyd, S.},
 	title = {Least Squares Quantization in PCM},
 	journal = {IEEE Trans. Inf. Theor.},
 	issue_date = {March 1982},
 	volume = {28},
 	number = {2},
 	month = sep,
 	year = {2006},
 	issn = {0018-9448},
 	pages = {129--137},
 	numpages = {9},
 	url = {http://dx.doi.org/10.1109/TIT.1982.1056489},
 	doi = {10.1109/TIT.1982.1056489},
 	acmid = {2269955},
 	publisher = {IEEE Press},
 	address = {Piscataway, NJ, USA}
},
@article{chen&xu,
	Author = {Long Chen and Jinchao Xu},
	Journal = {Journal of Computational Mathematics},
	Pages = {299-308},
	Title = {Optimal {Delaunay} triangulations},
	Volume = {22(2)},
	Year = {2004}
}  
 





